@String { aaai        = {AAAI Conference on Artificial Intelligence} }
@String { aamas       = {International Conference on Autonomous Agents and Multiagent Systems (AAMAS)} }
@String { acc         = {American Control Conference (ACC)} }
@String { atm         = {Air Traffic Management Research and Development Seminar}}
@String { aiaa_info   = {AIAA Infotech@Aerospace Conference} }
@String { aiaa_jacic  = {Journal of Aerospace Computing, Information, and Communication} }
@String { aistats     = {International Conference on Artificial Intelligence and Statistics (AISTATS)} }
@String { allerton    = {Allerton Conference on Communication, Control, and Compution} }
@String { atio        = {AIAA Aviation Technology, Integration, and Operations Conference (ATIO)} }
@String { cacm        = {Communications of the ACM} }
@String { cav         = {International Conference on Computer-Aided Verification (CAV)} }
@String { cdc         = {IEEE Conference on Decision and Control (CDC)} }
@String { colt        = {Conference on Learning Theory (COLT)} }
@String { corl        = {Conference on Robot Learning (CoRL)} }
@String { cvpr        = {IEEE Computer Society Conference on Computer Vision and Pattern Recognition (CVPR)} }
@String { dasc        = {Digital Avionics Systems Conference (DASC)} }
@String { ecml        = {European Conference on Machine Learning (ECML)} }
@String { eccv        = {European Conference on Computer Vision (ECCV)} }
@String { fmcad       = {Formal Methods in Computer Aided Design (FMCAD)} }
@String { gnc         = {AIAA Guidance, Navigation, and Control Conference (GNC)} }
@String { icaart      = {International Conference on Agents and Artificial Intelligence (ICAART)} }
@String { icaps       = {International Conference on Automated Planning and Scheduling (ICAPS)} }
@String { icassp      = {International Conference on Acoustics, Speech, and Signal Processing (ICASSP)} }
@String { iccv        = {International Conference on Computer Vision (ICCV)} }
@String { iclr        = {International Conference on Learning Representations (ICLR)} }
@String { icml        = {International Conference on Machine Learning (ICML)} }
@String { icmla       = {International Conference on Machine Learning and Applications (ICMLA)} }
@String { icra        = {IEEE International Conference on Robotics and Automation (ICRA)} }
@String { icslp       = {International Conference on Spoken Language Processing (ICSLP)} }
@String { ieee_csm    = {IEEE Control Systems Magazine} }
@String { ieee_j_ac   = {IEEE Transactions on Automatic Control} }
@String { ieeeaero    = {IEEE Aerospace Conference} }
@String { ieeeciaig   = {IEEE Transactions on Computational Intelligence and AI in Games} }
@String { ieeecst     = {IEEE Transactions on Control Systems Technology} }
@String { ieeetiv     = {IEEE Transactions on Intelligent Vehicles} }
@String { ieeetac     = {IEEE Transactions on Automatic Control} }
@String { ieeetits     = {IEEE Transactions on Intelligent Transportation Systems} }
@String { ieeetsp     = {IEEE Transactions on Signal Processing} }
@String { ijcai       = {International Joint Conference on Artificial Intelligence (IJCAI)} }
@String { ijrr        = {International Journal of Robotics Research} }
@String { interspeech = {Annual Conference of the International Speech Communication Association (INTERSPEECH)} }
@String { iros        = {IEEE/RSJ International Conference on Intelligent Robots and Systems (IROS)} }
@String { itsc        = {IEEE International Conference on Intelligent Transportation Systems (ITSC)} }
@String { iv          = {IEEE Intelligent Vehicles Symposium (IV)} }
@String { jaamas      = {Journal of Autonomous Agents and Multi-Agent Systems} }
@String { jair        = {Journal of Artificial Intelligence Research (JAIR)} }
@String { jais        = {Journal of Aerospace Information Systems} }
@String { jgcd        = {AIAA Journal of Guidance, Control, and Dynamics} }
@String { jmlr        = {Journal of Machine Learning Research (JMLR)} }
@String { jota        = {Journal of Optimization Theory and Applications} }
@String { lion        = {Learning and Intelligent Optimization (LION)} }
@String { mor         = {Mathematics of Operations Research} }
@String { nips        = {Advances in Neural Information Processing Systems (NIPS)} }
@String { neurips     = {Advances in Neural Information Processing Systems (NeurIPS)} }
@String { or          = {Operations Research} }
@String { rss         = {Robotics: Science and Systems} }
@String { sigcomm     = {ACM Special Interest Group on Data Communication (SIGCOMM)} }
@String { tac         = {IEEE Transactions on Automatic Control} }
@String { tacas       = {International Conference on Tools and Algorithms for the Construction and Analysis of Systems (TACAS)} }
@String { taes        = {IEEE Transactions on Aerospace and Electronic Systems} }
@String { wafr        = {International Workshop on the Algorithmic Foundations of Robotics (WAFR)} }
@String { uai         = {Conference on Uncertainty in Artificial Intelligence (UAI)} }

@article{silver2016mastering,
  title={{Mastering the game of Go with deep neural networks and tree search}},
  author={Silver, David and Huang, Aja and Maddison, Chris J. and Guez, Arthur and Sifre, Laurent and van den Driessche, George and Schrittwieser, Julian and Antonoglou, Ioannis and Panneershelvam, Veda and Lanctot, Marc and Dieleman, Sander and Grewe, Dominik and Nham, John and Kalchbrenner, Nal and Sutskever, Ilya and Lillicrap, Timothy and Leach, Madeleine and Kavukcuoglu, Koray and Graepel, Thore and Hassabis, Demis},
  journal={Nature},
  volume={529},
  number={7587},
  year={2016}
}

@article{silver2017mastering,
  title={{Mastering the game of Go without human knowledge}},
  author={Silver, David and Schrittwieser, Julian and Simonyan, Karen and Antonoglou, Ioannis and Huang, Aja and Guez, Arthur and Hubert, Thomas and Baker, Lucas and Lai, Matthew and Bolton, Adrian and Chen, Yutian and Lillicrap, Timothy and Hui, Fan and Sifre, Laurent and van den Driessche, George and Graepel, Thore and Hassabis, Demis},
  journal={Nature},
  volume={550},
  number={7676},
  year={2017}
}

@article{silver2018general,
  title = {{A general reinforcement learning algorithm that masters chess, shogi, and Go through self-play}},
  author = {David Silver and Thomas Hubert and Julian Schrittwieser and Ioannis Antonoglou and Matthew Lai and Arthur Guez and Marc Lanctot and Laurent Sifre and Dharshan Kumaran and Thore Graepel and Timothy Lillicrap and Karen Simonyan and Demis Hassabis},
  journal = {Science},
  volume = {362},
  number = {6419},
  year = {2018},
  pages = {1140--1144},
}

@article{schrittwieser2020mastering,
  title={{Mastering Atari, Go, chess and shogi by planning with a learned model}},
  author={Schrittwieser, Julian and Antonoglou, Ioannis and Hubert, Thomas and Simonyan, Karen and Sifre, Laurent and Schmitt, Simon and Guez, Arthur and Lockhart, Edward and Hassabis, Demis and Graepel, Thore and Lillicrap, Timothy and Silver, David},
  journal={Nature},
  volume={588},
  number={7839},
  pages={604--609},
  year={2020},
}

@inproceedings{antonoglou2021planning,
  title={{Planning in Stochastic Environments with a Learned Model}},
  author={Antonoglou, Ioannis and Schrittwieser, Julian and Ozair, Sherjil and Hubert, Thomas K. and Silver, David},
  booktitle=iclr,
  year={2021}
}

@article{kimura2020development,
  title={{Development of AlphaZero-Based Reinforcment Learning Algorithm for Solving Partially Observable Markov Decision Process (POMDP) Problem}},
  author={Kimura, Tomoaki and Sakamoto, Katsuyoshi and Sogabe, Tomah},
  journal={Bulletin of Networking, Computing, Systems, and Software},
  volume={9},
  number={1},
  pages={69--73},
  year={2020}
}

@article{vinyals2019grandmaster,
  title={{Grandmaster Level in StarCraft II using Multi-Agent Reinforcement Learning}},
  author={Vinyals, Oriol and Babuschkin, Igor and Czarnecki, Wojciech M. and Mathieu, Micha{\"e}l and Dudzik, Andrew and Chung, Junyoung and Choi, David H. and Powell, Richard and Ewalds, Timo and Georgiev, Petko and Oh, Junhyuk and Horgan, Dan and Kroiss, Manuel and Danihelka, Ivo and Huang, Aja and Sifre, Laurent and Cai, Trevor and Agapiou, John P. and Jaderberg, Max and Vezhnevets, Alexander S. and Leblond, R{\'e}mi and Pohlen, Tobias and Dalibard, Valentin and Budden, David and Sulsky, Yury and Molloy, James and Paine, Tom L. and Gulcehre, Caglar and Wang, Ziyu and Pfaff, Tobias and Wu, Yuhuai and Ring, Roman and Yogatama, Dani and WÃ¼nsch, Dario and McKinney, Katrina and Smith, Oliver and Schaul, Tom and Lillicrap, Timothy and Kavukcuoglu, Koray and Hassabis, Demis and Apps, Chris and Silver, David},
  journal={Nature},
  volume={575},
  number={7782},
  pages={350--354},
  year={2019},
  publisher={Nature Publishing Group}
}

@inproceedings{silver2010pomcp,
  title={{Monte-Carlo Planning in Large POMDPs}},
  author={Silver, David and Veness, Joel},
  booktitle=nips,
  volume={23},
  year={2010}
}

@article{kochenderfer2012next,
  title={{Next-Generation Airborne Collision Avoidance System}},
  author={Kochenderfer, Mykel J. and Holland, Jessica E. and Chryssanthacopoulos, James P.},
  journal={Lincoln Laboratory Journal},
  volume={19},
  number={1},
  year={2012}
}

@book{optbook,
  title     = {{Algorithms for Optimization}},
  author    = {Mykel J. Kochenderfer and Tim A. Wheeler},
  year      = {2019},
  publisher = {MIT Press},
}

@book{dmbook,
  title     = {{Algorithms for Decision Making}},
  author    = {Mykel J. Kochenderfer and Tim A. Wheeler and Kyle H. Wray},
  year      = {2022},
  publisher = {MIT Press},
}

@inproceedings{pineau2003point,
  title={{Point-based value iteration: An anytime algorithm for POMDPs}},
  author={Pineau, Joelle and Gordon, Geoff and Thrun, Sebastian},
  booktitle=ijcai,
  volume={3},
  pages={1025--1032},
  year={2003}
}

@article{mern2023intelligent,
  title = {{The Intelligent Prospector v1.0: Geoscientific Model Development and Prediction by Sequential Data Acquisition Planning with Application to Mineral Exploration}},
  author = {Mern, John and Caers, Jef},
  journal = {Geoscientific Model Development},
  volume = {16},
  year = {2023},
  number = {1},
  pages = {289--313},
}

@article{corso2022pomdp,
  title={{A POMDP Model for Safe Geological Carbon Sequestration}},
  author={Corso, Anthony and Wang, Yizheng and Zechner, Markus and Caers, Jef and Kochenderfer, Mykel J.},
  journal={NeurIPS Workshop on Tackling Climate Change with Machine Learning},
  year={2022}
}

@inproceedings{sokota2021monte,
  title={{Monte Carlo Tree Search with Iteratively Refining State Abstractions}},
  author={Sokota, Samuel and Ho, Caleb Y. and Ahmad, Zaheen and Kolter, J. Zico},
  booktitle=neurips,
  volume={34},
  pages={18698--18709},
  year={2021}
}

@article{mnih2013playing,
  title={{Playing Atari with Deep Reinforcement Learning}},
  author={Mnih, Volodymyr and Kavukcuoglu, Koray and Silver, David and Graves, Alex and Antonoglou, Ioannis and Wierstra, Daan and Riedmiller, Martin},
  journal={NIPS Deep Learning Workshop},
  year={2013}
}

@incollection{littman1995learning,
  title={{Learning policies for partially observable environments: Scaling up}},
  author={Littman, Michael L. and Cassandra, Anthony R. and Kaelbling, Leslie Pack},
  booktitle={Machine Learning Proceedings},
  year={1995},
  publisher={Elsevier},
  pages={362--370},
}

@book{dmubook,
  title     = {{Decision Making Under Uncertainty: Theory and Application}},
  author    = {Mykel J. Kochenderfer},
  year      = {2015},
  publisher = {MIT Press},
}

@article{pomdps_jl,
  title   = {{POMDPs.jl: A Framework for Sequential Decision Making under Uncertainty}},
  author  = {Maxim Egorov and Zachary N. Sunberg and Edward Balaban and Tim A. Wheeler and Jayesh K. Gupta and Mykel J. Kochenderfer},
  journal = jmlr,
  year    = {2017},
  volume  = {18},
  number  = {26},
  pages   = {1--5}
}

@inproceedings{wray2021pomdps,
  title={{POMDPs for Safe Visibility Reasoning in Autonomous Vehicles}},
  author={Wray, Kyle Hollins and Lange, Bernard and Jamgochian, Arec and Witwicki, Stefan J. and Kobashi, Atsuhide and Hagaribommanahalli, Sachin and Ilstrup, David},
  booktitle={International Conference on Intelligence and Safety for Robotics (ISR)},
  pages={191--195},
  year={2021},
  organization={IEEE}
}

@article{lauri2022partially,
  title={{Partially Observable Markov Decision Processes in Robotics: A Survey}},
  author={Lauri, Mikko and Hsu, David and Pajarinen, Joni},
  journal={IEEE Transactions on Robotics},
  volume={39},
  number={1},
  pages={21--40},
  year={2022},
  publisher={IEEE}
}

@inproceedings{sunberg2018online,
  title={{Online Algorithms for POMDPs with Continuous State, Action, and Observation Spaces}},
  author={Sunberg, Zachary N. and Kochenderfer, Mykel J.},
  booktitle=icaps,
  volume={28},
  year={2018}
}

@article{ye2017despot,
  title={{DESPOT: Online POMDP Planning with Regularization}},
  author={Ye, Nan and Somani, Adhiraj and Hsu, David and Lee, Wee Sun},
  journal=jair,
  volume={58},
  pages={231--266},
  year={2017}
}

@article{wang2023optimizing,
  title={{Optimizing Carbon Storage Operations for Long-Term Safety}},
  author={Wang, Yizheng and Zechner, Markus and Wen, Gege and Corso, Anthony Louis and Mern, John Michael and Kochenderfer, Mykel J. and Caers, Jef Karel},
  journal={arXiv preprint arXiv:2304.09352},
  year={2023}
}

@article{wang2022sequential,
  title={{A sequential decision-making framework with uncertainty quantification for groundwater management}},
  author={Wang, Yizheng and Zechner, Markus and Mern, John Michael and Kochenderfer, Mykel J. and Caers, Jef Karel},
  journal={Advances in Water Resources},
  volume={166},
  number={104266},
  year={2022},
  publisher={Elsevier}
}

@book{sutton2018reinforcement,
  title={{Reinforcement Learning: An Introduction}},
  author={Sutton, Richard S. and Barto, Andrew G.},
  year={2018},
  publisher={MIT Press}
}

@book{thrun2005probabilistic,
  title={{Probabilistic Robotics}},
  author={Thrun, Sebastian and Burgard, Wolfram and Fox, Dieter},
  year={2005},
  publisher={MIT Press}
}

@inproceedings{fischer2020information,
  title={{Information Particle Filter Tree: An Online Algorithm for POMDPs with Belief-Based Rewards on Continuous Domains}},
  author={Fischer, Johannes and Tas, {\"O}mer Sahin},
  booktitle=icml,
  year={2020},
  organization={PMLR}
}

@inproceedings{couetoux2011continuous,
  title={{Continuous Upper Confidence Trees}},
  author={Cou{\"e}toux, Adrien and Hoock, Jean-Baptiste and Sokolovska, Nataliya and Teytaud, Olivier and Bonnard, Nicolas},
  booktitle={Learning and Intelligent Optimization},
  year={2011},
  organization={Springer}
}

@inproceedings{kocsis2006bandit,
  title={{Bandit Based Monte-Carlo Planning}},
  author={Kocsis, Levente and Szepesv{\'a}ri, Csaba},
  booktitle=ecml,
  pages={282--293},
  year={2006},
  organization={Springer}
}

@article{rosin2011multi,
  title={{Multi-Armed Bandits with Episode Context}},
  author={Rosin, Christopher D.},
  journal={Annals of Mathematics and Artificial Intelligence},
  volume={61},
  number={3},
  pages={203--230},
  year={2011},
  publisher={Springer}
}

@article{browne2012survey,
  title={{A Survey of Monte Carlo Tree Search Methods}},
  author={Browne, Cameron B. and Powley, Edward and Whitehouse, Daniel and Lucas, Simon M. and Cowling, Peter I. and Rohlfshagen, Philipp and Tavener, Stephen and Perez, Diego and Samothrakis, Spyridon and Colton, Simon},
  journal={IEEE Transactions on Computational Intelligence and AI in Games},
  volume={4},
  number={1},
  pages={1--43},
  year={2012},
  publisher={IEEE}
}

@inproceedings{coulom2007efficient,
  title={{Efficient Selectivity and Backup Operators in Monte-Carlo Tree Search}},
  author={Coulom, R{\'e}mi},
  booktitle={Computers and Games},
  year={2007},
}

@article{schadd2009monte,
  title={{Monte-Carlo Search Techniques in the Modern Board Game Thurn and Taxis}},
  author={Schadd, Frederik Christiaan},
  journal={Maastricht University: Maastricht, The Netherlands},
  year={2009}
}

@article{moerland2018a0c,
  title={{A$0$C: Alpha Zero in Continuous Action Space}},
  author={Moerland, Thomas M. and Broekens, Joost and Plaat, Aske and Jonker, Catholijn M.},
  journal={arXiv preprint arXiv:1805.09613},
  year={2018}
}

@article{mern2021improved,
  title={{Improved POMDP Tree Search Planning with Prioritized Action Branching}},
  author={Mern, John and Yildiz, Anil and Bush, Lawrence and Mukerji, Tapan and Kochenderfer, Mykel J.},
  journal=aaai,
  volume={35},
  number={13},
  pages={11888--11894},
  year={2021}
}

@inproceedings{yee2016monte,
  title={{Monte Carlo Tree Search in Continuous Action Spaces with Execution Uncertainty}},
  author={Yee, Timothy and Lis{\`y}, Viliam and Bowling, Michael H. and Kambhampati, S.},
  booktitle={International Joint Conference on Artificial Intelligence (IJCAI)},
  pages={690--697},
  year={2016}
}

@inproceedings{czech2021improving,
  title={{Improving AlphaZero Using Monte-Carlo Graph Search}},
  author={Czech, Johannes and Korus, Patrick and Kersting, Kristian},
  booktitle=icaps,
  volume={31},
  pages={103--111},
  year={2021}
}

@inproceedings{danihelka2022policy,
  title={{Policy Improvement by Planning with Gumbel}},
  author={Danihelka, Ivo and Guez, Arthur and Schrittwieser, Julian and Silver, David},
  booktitle=iclr,
  year={2022}
}

@incollection{lecun2002efficient,
  title={{Efficient BackProp}},
  author={LeCun, Yann and Bottou, L{\'e}on and Orr, Genevieve B. and M{\"u}ller, Klaus-Robert},
  booktitle={Neural Networks: Tricks of the Trade},
  pages={9--50},
  year={2002},
  publisher={Springer}
}

@article{chai2014root,
  title={{Root mean square error (RMSE) or mean absolute error (MAE)?--Arguments against avoiding RMSE in the literature}},
  author={Chai, Tianfeng and Draxler, Roland R.},
  journal={Geoscientific Model Development},
  volume={7},
  number={3},
  pages={1247--1250},
  year={2014},
}

@article{hodson2022root,
  title={{Root-mean-square error (RMSE) or mean absolute error (MAE): When to use them or not}},
  author={Hodson, Timothy O.},
  journal={Geoscientific Model Development},
  volume={15},
  number={14},
  pages={5481--5487},
  year={2022},
}

@article{platt2010belief,
  title={{Belief Space Planning Assuming Maximum Likelihood Observations}},
  author={Platt Jr., Robert and Tedrake, Russ and Kaelbling, Leslie and Lozano-Perez, Tomas},
  journal={Robotics: Science and Systems VI},
  year={2010}
}

@inproceedings{smith2004heuristic,
  title={{Heuristic Search Value Iteration for POMDPs}},
  author={Smith, Trey and Simmons, Reid},
  booktitle=uai,
  pages={520--527},
  year={2004}
}

@inproceedings{igl2018deep,
  title={{Deep Variational Reinforcement Learning for~POMDPs}},
  author={Igl, Maximilian and Zintgraf, Luisa and Le, Tuan Anh and Wood, Frank and Whiteson, Shimon},
  booktitle=icml,
  year={2018},
  organization={PMLR}
}

@inproceedings{zaheer2017deep,
  title={{Deep Sets}},
  author={Zaheer, Manzil and Kottur, Satwik and Ravanbakhsh, Siamak and Poczos, Barnabas and Salakhutdinov, Russ R. and Smola, Alexander J.},
  booktitle=neurips,
  year={2017}
}

@book{goodfellow2016deep,
  title={{Deep Learning}},
  author={Goodfellow, Ian and Bengio, Yoshua and Courville, Aaron},
  year={2016},
  publisher={MIT Press}
}

@article{shani2013survey,
  title={{A survey of point-based POMDP solvers}},
  author={Shani, Guy and Pineau, Joelle and Kaplow, Robert},
  journal={Autonomous Agents and Multi-Agent Systems},
  volume={27},
  pages={1--51},
  year={2013},
  publisher={Springer}
}

@inproceedings{gordon1993novel,
  title={{Novel approach to nonlinear/non-Gaussian Bayesian state estimation}},
  author={Gordon, Neil J. and Salmond, David J. and Smith, Adrian F.M.},
  booktitle={IEEE for Radar and Signal Processing},
  volume={140},
  year={1993}
}

@misc{schrittwieser2020intuition,
  title = {{MuZero Intuition}},
  author = {Julian Schrittwieser},
  year = 2020,
  howpublished = {\url{https://www.furidamu.org/blog/2020/12/22/muzero-intuition}}
}

@inproceedings{wu2021adaptive,
  title={{Adaptive Online Packing-guided Search for POMDPs}},
  author={Wu, Chenyang and Yang, Guoyu and Zhang, Zongzhang and Yu, Yang and Li, Dong and Liu, Wulong and Hao, Jianye},
  booktitle=neurips,
  volume={34},
  pages={28419--28430},
  year={2021}
}

@inproceedings{hubert2021learning,
  title={{Learning and Planning in Complex Action Spaces}},
  author={Hubert, Thomas and Schrittwieser, Julian and Antonoglou, Ioannis and Barekatain, Mohammadamin and Schmitt, Simon and Silver, David},
  booktitle=icml,
  year={2021},
  organization={PMLR}
}

@inproceedings{ozair2021vector,
  title={{Vector Quantized Models for Planning}},
  author={Ozair, Sherjil and Li, Yazhe and Razavi, Ali and Antonoglou, Ioannis and Van Den Oord, Aaron and Vinyals, Oriol},
  booktitle=icml,
  year={2021},
  organization={PMLR}
}

@article{hoel2019combining,
  title={{Combining Planning and Deep Reinforcement Learning in Tactical Decision Making for Autonomous Driving}},
  author={Hoel, Carl-Johan and Driggs-Campbell, Katherine and Wolff, Krister and Laine, Leo and Kochenderfer, Mykel J.},
  journal=ieeetiv,
  volume={5},
  number={2},
  pages={294--305},
  year={2019},
  publisher={IEEE}
}

@misc{adaops2021review,
  title = {{OpenReview Response: Adaptive Online Packing-guided Search for POMDPs}},
  author={Wu, Chenyang and Yang, Guoyu and Zhang, Zongzhang and Yu, Yang and Li, Dong and Liu, Wulong and Hao, Jianye},
  year = 2021,
  howpublished = {\url{https://openreview.net/forum?id=0zvTBoQb5PA&noteId=bJTC_0sZPzr}}
}

@inproceedings{kumar2019stabilizing,
  title = {{Stabilizing Off-Policy Q-Learning via Bootstrapping Error Reduction}},
  author = {Kumar, Aviral and Fu, Justin and Soh, Matthew and Tucker, George and Levine, Sergey},
  booktitle = neurips,
  pages = {},
  volume = {32},
  year = {2019}
}

@article{salehi2022unified,
  title={{A Unified Survey on Anomaly, Novelty, Open-Set, and Out of-Distribution Detection: Solutions and Future Challenges}},
  author={Salehi, Mohammadreza and Mirzaei, Hossein and Hendrycks, Dan and Li, Yixuan and Rohban, Mohammad Hossein and Sabokrou, Mohammad},
  journal={Transactions of Machine Learning Research},
  year = {2022},
}

@inproceedings{kingma2014adam,
  title={{Adam: A Method for Stochastic Optimization}},
  author={Kingma, Diederik P. and Ba, Jimmy},
  booktitle=iclr,
  year={2015}
}

@misc{hinton2014rmsprop,
  title = {{Neural Networks for Machine Learning. Lecture 6a: Overview of Mini-Batch Gradient Descent}},
  author={Geoffrey Hinton and Nitish Srivastava and Kevin Swersky},
  year = 2014,
  howpublished = {\url{http://www.cs.toronto.edu/~tijmen/csc321/slides/lecture_slides_lec6.pdf}}
}

@article{cai2021hyp,
  title={{HyP-DESPOT: A Hybrid Parallel Algorithm for Online Planning under Uncertainty}},
  author={Cai, Panpan and Luo, Yuanfu and Hsu, David and Lee, Wee Sun},
  journal={The International Journal of Robotics Research},
  volume={40},
  number={2-3},
  pages={558--573},
  year={2021},
}

@inproceedings{chen2022flow,
  title={{Flow-Based Recurrent Belief State Learning for POMDPs}},
  author={Chen, Xiaoyu and Mu, Yao Mark and Luo, Ping and Li, Shengbo and Chen, Jianyu},
  booktitle=icml,
  year={2022},
  organization={PMLR}
}

@article{lim2023optimality,
  title={{Optimality Guarantees for Particle Belief Approximation of POMDPs}},
  author={Lim, Michael H. and Becker, Tyler J. and Kochenderfer, Mykel J. and Tomlin, Claire J. and Sunberg, Zachary N.},
  journal=jair,
  volume={77},
  pages={1591--1636},
  year={2023}
}

@article{csillery2010approximate,
  title={{Approximate Bayesian Computation (ABC) in practice}},
  author={Csill{\'e}ry, Katalin and Blum, Michael G. B. and Gaggiotti, Oscar E. and Fran{\c{c}}ois, Olivier},
  journal={Trends in Ecology \& Evolution},
  volume={25},
  number={7},
  pages={410--418},
  year={2010},
  publisher={Elsevier}
}

@article{kaelbling1998planning,
  title={{Planning and acting in partially observable stochastic domains}},
  author={Kaelbling, Leslie Pack and Littman, Michael L. and Cassandra, Anthony R.},
  journal={Artificial Intelligence},
  volume={101},
  number={1-2},
  pages={99--134},
  year={1998},
  publisher={Elsevier}
}

@article{cai2022closing,
  title={{Closing the Planning--Learning Loop With Application to Autonomous Driving}},
  author={Cai, Panpan and Hsu, David},
  journal={IEEE Transactions on Robotics},
  volume={39},
  number={2},
  pages={998--1011},
  year={2022},
  publisher={IEEE}
}

@article{subramanian2022approximate,
  title={{Approximate Information State for Approximate Planning and Reinforcement Learning in Partially Observed Systems}},
  author={Subramanian, Jayakumar and Sinha, Amit and Seraj, Raihan and Mahajan, Aditya},
  journal=jmlr,
  volume={23},
  number={1},
  pages={483--565},
  year={2022},
}

@inproceedings{coquelin2008particle,
  title={{Particle Filter-Based Policy Gradient in POMDPs}},
  author={Coquelin, Pierre-Arnaud and Deguest, Romain and Munos, R{\'e}mi},
  booktitle=nips,
  volume={21},
  year={2008}
}

@article{roy2005finding,
  title={{Finding Approximate POMDP Solutions Through Belief Compression}},
  author={Roy, Nicholas and Gordon, Geoffrey and Thrun, Sebastian},
  journal=jair,
  volume={23},
  pages={1--40},
  year={2005}
}

@inproceedings{mazzi2023learning,
  author = {Mazzi, Giulio and Meli, Daniele and Castellini, Alberto and Farinelli, Alessandro},
  title = {{Learning Logic Specifications for Soft Policy Guidance in POMCP}},
  year = {2023},
  booktitle = {International Conference on Autonomous Agents and Multiagent Systems (AAMAS)},
  pages = {373â381},
  numpages = {9},
}

@article{welch1995introduction,
  title={{An Introduction to the Kalman Filter}},
  author={Welch, Greg and Bishop, Gary},
  year={1995},
  journal={University of North Carolina at Chapel Hill}
}

@inproceedings{moss2024constrainedzero,
  title={{ConstrainedZero: Chance-Constrained POMDP Planning using Learned Probabilistic Failure Surrogates and Adaptive Safety Constraints}},
  author={Moss, Robert J. and Jamgochian, Arec and Fischer, Johannes and Corso, Anthony and Kochenderfer, Mykel J.},
  booktitle=ijcai,
  pages={6752--6760},
  year={2024}
}

@inproceedings{moss2024constrainedzeroworkshop,
  title={{Chance-Constrained POMDP Planning with Learned Neural Network Surrogates}},
  author={Moss, Robert J. and Jamgochian, Arec and Fischer, Johannes and Corso, Anthony and Kochenderfer, Mykel J.},
  booktitle={IJCAI Workshop on Trustworthy Interactive Decision-Making with Foundation Models (TIDMwFM)},
  year={2024}
}

@article{jamgochian2023online,
  title={{Online Planning for Constrained POMDPs with Continuous Spaces through Dual Ascent}},
  author={Jamgochian, Arec and Corso, Anthony and Kochenderfer, Mykel J.},
  journal=icaps,
  volume={33},
  number={1},
  pages={198--202},
  year={2023}
}

@inproceedings{carpin2022solving,
  title={{Solving Stochastic Orienteering Problems with Chance Constraints Using Monte Carlo Tree Search}},
  author={Carpin, Stefano and Thayer, Thomas C.},
  booktitle={International Conference on Automation Science and Engineering (CASE)},
  pages={1170--1177},
  year={2022},
  organization={IEEE}
}

@article{parthasarathy2023cmcts,
  title={{C-MCTS: Safe Planning with Monte Carlo Tree Search}}, 
  author={Dinesh Parthasarathy and Georgios Kontes and Axel Plinge and Christopher Mutschler},
  year={2023},
  journal={arXiv:2305.16209}
}

@article{moss2024betazero,
  title={{BetaZero: Belief-State Planning for Long-Horizon POMDPs using Learned Approximations}},
  author={Moss, Robert J. and Corso, Anthony and Caers, Jef and Kochenderfer, Mykel J.},
  journal={Reinforcement Learning Journal (RLJ)},
  volume={1},
  pages={158--181},
  year={2024}
}

@article{gibbs2021adaptive,
  title={{Adaptive Conformal Inference Under Distribution Shift}},
  author={Gibbs, Isaac and Candes, Emmanuel},
  journal={Advances in Neural Information Processing Systems (NeurIPS)},
  volume={34},
  pages={1660--1672},
  year={2021}
}

@article{santana2016rao,
  title={{RAO*: An Algorithm for Chance-Constrained POMDPs}},
  author={Santana, Pedro and Thi{\'e}baux, Sylvie and Williams, Brian},
  journal=aaai,
  volume={30},
  year={2016}
}

@inproceedings{huang2018hybrid,
  title={{Hybrid Risk-Aware Conditional Planning with Applications in Autonomous Vehicles}},
  author={Huang, Xin and Jasour, Ashkan and Deyo, Matthew and Hofmann, Andreas and Williams, Brian C.},
  booktitle={IEEE Conference on Decision and Control (CDC)},
  pages={3608--3614},
  year={2018},
  organization={IEEE}
}

@inproceedings{wan2000unscented,
  title={{The Unscented Kalman Filter for Nonlinear Estimation}},
  author={Wan, Eric A. and Van Der Merwe, Rudolph},
  booktitle={Adaptive Systems for Signal Processing, Communications, and Control Symposium (AS-SPCC)},
  pages={153--158},
  year={2000},
  organization={IEEE}
}

@book{busch1985methodology,
  title={{Methodology for Establishing A Target Level of Safety}},
  author={Busch, Allen C.},
  year={1985},
  publisher={Federal Aviation Administraton Technical Center}
}

@article{isom2008piecewise,
  title={{Piecewise Linear Dynamic Programming for Constrained POMDPs}},
  author={Isom, Joshua D. and Meyn, Sean P. and Braatz, Richard D.},
  journal=aaai,
  volume={1},
  pages={291--296},
  year={2008}
}

@inproceedings{lee2018monte,
  title={{Monte-Carlo Tree Search for Constrained POMDPs}},
  author={Lee, Jongmin and Kim, Geon-Hyeong and Poupart, Pascal and Kim, Kee-Eung},
  booktitle=neurips,
  volume={31},
  year={2018}
}

@article{brazdil2020reinforcement,
  title={{Reinforcement Learning of Risk-Constrained Policies in Markov Decision Processes}},
  author={Br{\'a}zdil, Tom{\'a}{\v{s}} and Chatterjee, Krishnendu and Novotn{\`y}, Petr and Vahala, Ji{\v{r}}{\'\i}},
  journal=aaai,
  volume={34},
  pages={9794--9801},
  year={2020}
}

@article{ayton2018vulcan,
  title={{Vulcan: A Monte Carlo Algorithm for Large Chance Constrained MDPs with Risk Bounding Functions}},
  author={Ayton, Benjamin J. and Williams, Brian C.},
  journal={arXiv:1809.01220},
  year={2018}
}

@article{flannery1989capital,
  title={{Capital Regulation and Insured Banks Choice of Individual Loan Default Risks}},
  author={Flannery, Mark J.},
  journal={Journal of Monetary Economics},
  volume={24},
  number={2},
  pages={235--258},
  year={1989},
  publisher={Elsevier}
}

@inproceedings{zaffran2022adaptive,
  title={{Adaptive Conformal Predictions for Time Series}},
  author={Zaffran, Margaux and F{\'e}ron, Olivier and Goude, Yannig and Josse, Julie and Dieuleveut, Aymeric},
  booktitle=icml,
  year={2022},
  organization={PMLR}
}

@article{soualhia2020dynamic,
  author={Soualhia, Mbarka and Khomh, Foutse and Tahar, Sofi{\`e}ne},
  journal={IEEE Transactions on Cloud Computing}, 
  title={{A Dynamic and Failure-Aware Task Scheduling Framework for Hadoop}}, 
  year={2020},
  volume={8},
  number={2},
  pages={553--569},
}

@article{sylvie2010planning,
author = {Sylvie C. W. Ong and Shao Wei Png and David Hsu and Wee Sun Lee},
title = {{Planning under Uncertainty for Robotic Tasks with Mixed Observability}},
journal = {The International Journal of Robotics Research},
volume = {29},
number = {8},
year = {2010},
}

@article{pajarinen2017robotic,
  title={{Robotic Manipulation of Multiple Objects as a POMDP}},
  author={Pajarinen, Joni and Kyrki, Ville},
  journal={Artificial Intelligence},
  volume={247},
  pages={213--228},
  year={2017},
  publisher={Elsevier}
}

@article{pajarinen2022pomdp,
  title={{POMDP Planning Under Object Composition Uncertainty: Application to Robotic Manipulation}},
  author={Pajarinen, Joni and Lundell, Jens and Kyrki, Ville},
  journal={IEEE Transactions on Robotics},
  volume={39},
  number={1},
  pages={41--56},
  year={2022},
  publisher={IEEE}
}

@incollection{littman1994markov,
  title={{Markov games as a framework for multi-agent reinforcement learning}},
  author={Littman, Michael L.},
  booktitle={Machine Learning},
  pages={157--163},
  year={1994},
  publisher={Elsevier}
}

@inproceedings{fischer2022guiding,
  title = {{Guiding Belief Space Planning with Learned Models for Interactive Merging}},
  booktitle = {International Conference on Intelligent Transportation Systems (ITSC)},
  author = {Fischer, Johannes and B{\"u}hrle, Etienne and Kamran, Danial and Stiller, Christoph},
  year = {2022},
  pages = {2542--2549},
}

@inproceedings{durand2023formal,
  title = {{Formal and Practical Elements for the Certification of Machine Learning Systems}},
  author = {Jean-Guillaume Durand and Arthur Dubois and Robert J. Moss},
  booktitle = {AIAA/IEEE Digital Avionics Systems Conference (DASC)},
  year = 2023,
  pages = {1--10}
}

@inproceedings{owen2019acasxu,
  author={Owen, Michael P. and Panken, Adam and Moss, Robert and Alvarez, Luis and Leeper, Charles},
  booktitle={IEEE/AIAA Digital Avionics Systems Conference (DASC)}, 
  title={{ACAS Xu: Integrated Collision Avoidance and Detect and Avoid Capability for UAS}}, 
  year={2019},
  volume={},
  number={},
  pages={1--10}}
  
@inproceedings{khaled2015runway,
  author={Abu-Jbara, Khaled and Alheadary, Wael and Sundaramorthi, Ganesh and Claudel, Christian},
  booktitle={International Conference on Unmanned Aircraft Systems}, 
  title={{A Robust Vision-based Runway Detection and Tracking Algorithm for Automatic UAV Landing}}, 
  year={2015},
  volume={},
  number={},
  pages={1148--1157}
}

@misc{do365,
  title={{Minimum Operational Performance Standards (MOPS) for Detect and Avoid (DAA) Systems}},
  author={RTCA},
  howpublished={DO-365},
  year={2017}
}

@book{garnett2023bayesian,
  author    = {Garnett, Roman},
  title     = {{Bayesian Optimization}},
  year      = {2023},
  publisher = {Cambridge University Press}
}

@article{mockus1989global,
  title={{Global Optimization and the Bayesian Approach}},
  author={Mockus, Jonas and Mockus, Jonas},
  journal={Bayesian Approach to Global Optimization. Mathematics and Its Applications},
  volume={37},
  year={1989},
  publisher={Springer}
}

@article{corso2021survey,
  title={{A Survey of Algorithms for Black-Box Safety Validation of Cyber-Physical Systems}},
  author={Corso, Anthony and Moss, Robert J. and Koren, Mark and Lee, Ritchie and Kochenderfer, Mykel J.},
  journal={Journal of Artificial Intelligence Research},
  volume={72},
  pages={377--428},
  year={2021}
}

@book{clarke2018handbook,
  author    = {Edmund M. Clarke and
               Thomas A. Henzinger and
               Helmut Veith and
               Roderick Bloem},
  title     = {{Handbook of Model Checking}},
  publisher = {Springer},
  year      = {2018}
}

@book{fitting2012firstorder,
  title={{First-Order Logic and Automated Theorem Proving}},
  author={Fitting, Melvin},
  year={2012},
  publisher={Springer Science \& Business Media}
}

@book{schumann2001automated,
  title={{Automated Theorem Proving in Software Engineering}},
  author={Schumann, Johann M.},
  year={2001},
  publisher={Springer Science \& Business Media}
}

@article{sidrane2022overt,
  title={{OVERT: An Algorithm for Safety Verification of Neural Network Control Policies for Nonlinear Systems}},
  author={Sidrane, Chelsea and Maleki, Amir and Irfan, Ahmed and Kochenderfer, Mykel J.},
  journal=jmlr,
  volume={23},
  number={117},
  pages={1--45},
  year={2022}
}

@article{liu2021algorithms,
  title={{Algorithms for Verifying Deep Neural Networks}},
  author={Changliu Liu and Tomer Arnon and Christopher Lazarus and Christopher Strong and Clark Barrett and Mykel J. Kochenderfer},
  journal={Foundations and Trends{\textregistered} in Optimization},
  volume={4},
  number={3-4},
  pages={244--404},
  year={2021},
  publisher={Now Publishers, Inc.}
}

@book{williams2006gaussian,
  title={{Gaussian Processes for Machine Learning}},
  author={Williams, Christopher K.I. and Rasmussen, Carl Edward},
  year={2006},
  publisher={MIT Press}
}

@article{frazier2018tutorial,
  title={{A Tutorial on Bayesian Optimization}},
  author={Frazier, Peter I.},
  journal={arXiv:1807.02811},
  year={2018}
}

@article{marc2002matern,
author = {Genton, Marc G.},
title = {{Classes of Kernels for Machine Learning: A Statistics Perspective}},
year = {2002},
issue_date = {3/1/2002},
volume = {2},
journal = jmlr,
pages = {299â312},
numpages = {14}
}

@article{quinonero2005unifying,
  title={{A Unifying View of Sparse Approximate Gaussian Process Regression}},
  author={Quinonero-Candela, Joaquin and Rasmussen, Carl Edward},
  journal=jmlr,
  volume={6},
  pages={1939--1959},
  year={2005},
}

@book{owen2013monte,
   author = {Art B. Owen},
   year = 2013,
   title = {{Monte Carlo Theory, Methods and Examples}},
   publisher = {Stanford University}
}

@article{kahn1953methods,
  title={{Methods of Reducing Sample Size in Monte Carlo Computations}},
  author={Kahn, Herman and Marshall, Andy W.},
  journal={Journal of the Operations Research Society of America},
  volume={1},
  number={5},
  pages={263--278},
  year={1953},
  publisher={INFORMS}
}

@article{bugallo2017adaptive,
  title={{Adaptive Importance Sampling: The Past, the Present, and the Future}},
  author={Bugallo, Monica F. and Elvira, Victor and Martino, Luca and Luengo, David and Miguez, Joaquin and Djuric, Petar M.},
  journal={IEEE Signal Processing Magazine},
  volume={34},
  number={4},
  pages={60--79},
  year={2017},
}

@book{murphy2012machine,
  title={{Machine Learning: A Probabilistic Perspective}},
  author={Murphy, Kevin P.},
  year={2012},
  publisher={MIT Press}
}

@book{bishop2006pattern,
  title={{Pattern Recognition and Machine Learning}},
  author={Bishop, Christopher M. and Nasrabadi, Nasser M.},
  volume={4},
  year={2006},
  publisher={Springer}
}

@article{fairbrother2022gaussianprocesses,
  title={{GaussianProcesses.jl: A Nonparametric Bayes Package for the Julia Language}},
  author={Fairbrother, Jamie and Nemeth, Christopher and Rischard, Maxime and Brea, Johanni and Pinder, Thomas},
  journal={Journal of Statistical Software},
  volume={102},
  pages={1--36},
  year={2022}
}

@misc{widmann2023abstractgps,
  title={{JuliaGaussianProcesses/AbstractGPs.jl}},
  author={Widmann, David and Tebbutt, Will and st\hyp{}\hyp{} and Galy-Fajou, Th\'eo and Yalburgi, Sharan and Ge, Hong and Surace, Simone Carlo and Vicente, David and Vaverka, Jacob and Skovbekk, John and Bosch, Nathanael and Schmitz, Niklas and Viljoen, Ross and Wright, Tom and Vikram and Koher, Andreas},
  howpublished={Zenodo, 10.5281/zenodo.8377741},
  year={2023},
  doi={10.5281/zenodo.8377741},
}

@inproceedings{jensen2013bounded,
  title={{Bounded Gaussian Process Regression}},
  author={Jensen, Bj{\o}rn Sand and Nielsen, Jens Brehm and Larsen, Jan},
  booktitle={IEEE International Workshop on Machine Learning for Signal Processing (MLSP)},
  pages={1--6},
  year={2013},
  organization={IEEE}
}

@book{himmelblau1972applied,
  title={{Applied Nonlinear Programming}},
  author={Himmelblau, David Mautner},
  year={1972},
  publisher={McGraw Hill}
}

@inproceedings{he2020framework,
  title={{A Framework for the Analysis of Deep Neural Networks in Aerospace Applications using Bayesian Statistics}},
  author={He, Yuning and Schumann, Johann},
  booktitle={International Joint Conference on Neural Networks (IJCNN)},
  pages={1--9},
  year={2020},
  organization={IEEE}
}

@article{mckay1979latin,
 author = {M. D. McKay and R. J. Beckman and W. J. Conover},
 journal = {Technometrics},
 number = {2},
 pages = {239--245},
 publisher = {[Taylor & Francis, Ltd., American Statistical Association, American Society for Quality]},
 title = {{A Comparison of Three Methods for Selecting Values of Input Variables in the Analysis of Output from a Computer Code}},
 volume = {21},
 year = {1979}
}

@article{sobol1967distribution,
  title={{On the Distribution of Points in a Cube and the Approximate Evaluation of Integrals}},
  author={Sobol', Il'ya Meerovich},
  journal={Zhurnal Vychislitel'noi Matematiki i Matematicheskoi Fiziki},
  volume={7},
  number={4},
  pages={784--802},
  year={1967},
  publisher={Russian Academy of Sciences, Branch of Mathematical Sciences}
}

@article{vazquez2009sequential,
  title={{A sequential Bayesian algorithm to estimate a probability of failure}},
  author={Vazquez, Emmanuel and Bect, Julien},
  journal={IFAC Symposium on System Identification},
  volume={42},
  number={10},
  pages={546--550},
  year={2009},
  publisher={Elsevier}
}

@article{miller2021rare,
  title={{Rare Events via Cross-Entropy Population Monte Carlo}},
  author={Miller, Caleb and Corcoran, Jem N. and Schneider, Michael D.},
  journal={IEEE Signal Processing Letters},
  volume={29},
  pages={439--443},
  year={2021},
  publisher={IEEE}
}

@article{esposito2005adaptive,
  title={{Adaptive RRTs for Validating Hybrid Robotic Control Systems}},
  author={Esposito, Joel M. and Kim, Jongwoo and Kumar, Vijay},
  journal={{Algorithmic Foundations of Robotics VI}},
  volume={17},
  pages={107--121},
  year={2005},
  publisher={Springer Heidelberg}
}

@article{cappe2004population,
  title={{Population Monte Carlo}},
  author={Capp{\'e}, Olivier and Guillin, Arnaud and Marin, Jean-Michel and Robert, Christian P.},
  journal={Journal of Computational and Graphical Statistics},
  volume={13},
  number={4},
  pages={907--929},
  year={2004},
  publisher={Taylor \& Francis}
}

@article{de2005tutorial,
  title={{A Tutorial on the Cross-Entropy Method}},
  author={De Boer, Pieter-Tjerk and Kroese, Dirk P. and Mannor, Shie and Rubinstein, Reuven Y.},
  journal={Annals of Operations Research},
  volume={134},
  pages={19--67},
  year={2005},
  publisher={Springer}
}

@book{robert1999monte,
  title={{Monte Carlo Statistical Methods}},
  author={Robert, Christian P. and Casella, George},
  volume={2},
  year={1999},
  publisher={Springer}
}

@book{rubinstein2004cross,
  title={{The Cross-Entropy Method: A Unified Approach to Combinatorial Optimization, Monte-Carlo Simulation, and Machine Learning}},
  author={Rubinstein, Reuven Y. and Kroese, Dirk P.},
  volume={133},
  year={2004},
  publisher={Springer}
}

@article{elvira2022optimized,
  title={{Optimized Population Monte Carlo}},
  author={Elvira, V{\'\i}ctor and Chouzenoux, Emilie},
  journal={IEEE Transactions on Signal Processing},
  volume={70},
  pages={2489--2501},
  year={2022},
  publisher={IEEE}
}

@article{luengo2020survey,
  title={{A survey of Monte Carlo methods for parameter estimation}},
  author={Luengo, David and Martino, Luca and Bugallo, M{\'o}nica and Elvira, V{\'\i}ctor and S{\"a}rkk{\"a}, Simo},
  journal={EURASIP Journal on Advances in Signal Processing},
  volume={2020},
  number={1},
  pages={1--62},
  year={2020},
  publisher={SpringerOpen}
}

@article{ranjan2008sequential,
  title={{Sequential Experiment Design for Contour Estimation from Complex Computer Codes}},
  author={Ranjan, Pritam and Bingham, Derek and Michailidis, George},
  journal={Technometrics},
  volume={50},
  number={4},
  pages={527--541},
  year={2008},
  publisher={Taylor \& Francis}
}

@techreport{balduzzi2021neural,
  title={{Neural Network Based Runway Landing Guidance for General Aviation Autoland}},
  author={Balduzzi, Giovanni and Ferrari Bravo, Martino and Chernova, Anna and Cruceru, Calin and van Dijk, Luuk and de Lange, Peter and Jerez, Juan and Koehler, Nathana{\"e}l and Koerner, Mathias and Perret-Gentil, Corentin and Pillio, Zoltan and Polak, Ruben and Silva, Hugo and Valentin, Romeo and Whittington, Ian and Yakushev, Grigory},
  year={2021},
  institution={United States. Department of Transportation. Federal Aviation Administration}
}

@misc{do178c,
  title={{Software Considerations in Airborne Systems and Equipment Certification}},
  author={RTCA},
  howpublished={DO-178C},
  year={2011}
}

@article{binois2022survey,
  title={{A survey on high-dimensional Gaussian process modeling with application to Bayesian optimization}},
  author={Binois, Mickael and Wycoff, Nathan},
  journal={ACM Transactions on Evolutionary Learning and Optimization},
  volume={2},
  number={2},
  pages={1--26},
  year={2022},
  publisher={ACM New York, NY}
}

@misc{xplane,
  author = {{Laminar Research}},
  title = {{X-Plane Flight Simulator}},
  year = {2023},
  howpublished = "\url{https://www.x-plane.com/}"
}

@article{williams1998bayesian,
  title={{Bayesian Classification with Gaussian Processes}},
  author={Williams, Christopher K.I. and Barber, David},
  journal={IEEE Transactions on Pattern Analysis and Machine Intelligence},
  volume={20},
  number={12},
  pages={1342--1351},
  year={1998},
  publisher={IEEE}
}

@article{nickisch2008approximations,
  title={{Approximations for Binary Gaussian Process Classification}},
  author={Nickisch, Hannes and Rasmussen, Carl Edward},
  journal=jmlr,
  volume={9},
  number={Oct},
  pages={2035--2078},
  year={2008}
}

@inproceedings{zhao2020sim,
  title={{Sim-to-Real Transfer in Deep Reinforcement Learning for Robotics: A Survey}},
  author={Zhao, Wenshuai and Queralta, Jorge Pe{\~n}a and Westerlund, Tomi},
  booktitle={IEEE Symposium Series on Computational Intelligence (SSCI)},
  pages={737--744},
  year={2020},
  organization={IEEE}
}

@article{gong2022sequential,
  title={{Sequential Bayesian experimental design for estimation of extreme-event probability in stochastic input-to-response systems}},
  author={Gong, Xianliang and Pan, Yulin},
  journal={Computer Methods in Applied Mechanics and Engineering},
  volume={395},
  number={114979},
  year={2022},
  publisher={Elsevier}
}

@inproceedings{arief2021deep,
  title={{Deep Probabilistic Accelerated Evaluation: A Robust Certifiable Rare-Event Simulation Methodology for Black-Box Safety-Critical Systems}},
  author={Arief, Mansur and Huang, Zhiyuan and Kumar, Guru Koushik Senthil and Bai, Yuanlu and He, Shengyi and Ding, Wenhao and Lam, Henry and Zhao, Ding},
  booktitle=aistats,
  pages={595--603},
  year={2021},
  organization={PMLR}
}

@article{moss2020crossentropy,
  title={{Cross-Entropy Method Variants for Optimization}},
  author={Robert J. Moss},
  journal={arXiv:2009.09043},
  year={2020}
}

@inproceedings{renganathan2022multifidelity,
  title={{Multifidelity Gaussian processes for failure boundary and probability estimation}},
  author={Renganathan, Ashwin and Rao, Vishwas and Navon, Ionel},
  booktitle={AIAA SCITECH 2022 Forum},
  pages={1--18},
  year={2022}
}

@article{wang2016gaussian,
  title={{Gaussian process surrogates for failure detection: A Bayesian experimental design approach}},
  author={Wang, Hongqiao and Lin, Guang and Li, Jinglai},
  journal={Journal of Computational Physics},
  volume={313},
  pages={247--259},
  year={2016},
  publisher={Elsevier}
}

@inproceedings{kingma2013vae,
  title = {{Auto-Encoding Variational Bayes}},
  author = {Kingma, Diederik P. and Welling, Max},
  booktitle = iclr,
  year={2013}
}

@article{sabbadin2007emdp,
  title = {{Purely Epistemic Markov Decision Processes}},
  author = {Sabbadin, R{\'e}gis and Lang, J{\'e}r{\^o}me and Ravoanjanahary, Nasolo},
  journal=aaai,
  volume={22},
  number={2},
  pages={1057--1062},
  year={2007}
}

@inproceedings{sohn2015learning,
  title={{Learning Structured Output Representation using Deep Conditional Generative Models}},
  author={Sohn, Kihyuk and Lee, Honglak and Yan, Xinchen},
  booktitle=neurips,
  volume={28},
  year={2015}
}

@article{kalman1960new,
  title={{A New Approach to Linear Filtering and Prediction Problems}},
  author={Kalman, Rudolph Emil},
  journal={Journal of Basic Engineering},
  year={1960}
}

@inproceedings{julier1997new,
  title={{New Extension of the Kalman Filter to Nonlinear Systems}},
  author={Julier, Simon J. and Uhlmann, Jeffrey K.},
  booktitle={Signal Processing, Sensor Fusion, and Target Recognition},
  volume={3068},
  pages={182--193},
  year={1997},
}

@misc{unscented2021uhlmann,
  title = {{First-Hand: The Unscented Transform}},
  author={Jeffery Uhlmann},
  year = 2021,
  howpublished = {\url{https://ethw.org/First-Hand:The_Unscented_Transform}}
}

@article{bellman1957dynamic,
  title={{Dynamic Programming}},
  author={Bellman, Richard},
  journal={Princeton University Press},
  year={1957}
}

@phdthesis{watkins1989learning,
  title={{Learning from Delayed Rewards}},
  author={Watkins, Christopher J. C. H.},
  year={1989},
  school={King's College}
}

@phdthesis{cassandra1998exact,
  title={{Exact and Approximate Algorithms for Partially Observable Markov Decision Processes}},
  author={Cassandra, Anthony R.},
  year={1998},
  school={Brown University}
}

@book{forrester2008engineering,
  title={{Engineering Design via Surrogate Modelling: A Practical Guide}},
  author={Forrester, Alexander and Sobester, Andras and Keane, Andy},
  year={2008},
  publisher={John Wiley \& Sons}
}

@article{hornik1989multilayer,
  title={{Multilayer Feedforward Networks are Universal Approximators}},
  author={Hornik, Kurt and Stinchcombe, Maxwell and White, Halbert},
  journal={Neural Networks},
  volume={2},
  number={5},
  pages={359--366},
  year={1989},
  publisher={Elsevier}
}

@article{nilim2005robust,
  title={{Robust control of Markov decision processes with uncertain transition matrices}},
  author={Nilim, Arnab and El Ghaoui, Laurent},
  journal={Operations Research},
  volume={53},
  number={5},
  pages={780--798},
  year={2005},
  publisher={INFORMS}
}

@article{iyengar2005robust,
  title={{Robust dynamic programming}},
  author={Iyengar, Garud},
  journal={Mathematics of Operations Research},
  volume={30},
  number={2},
  pages={257--280},
  year={2005}
}

@inproceedings{osband2016deep,
  title={{Deep exploration via bootstrapped DQN}},
  author={Osband, Ian and Blundell, Charles and Pritzel, Alexander and Van Roy, Benjamin},
  booktitle=neurips,
  volume={29},
  year={2016}
}

@inproceedings{lee2021sunrise,
  title={{SUNRISE: A simple unified framework for ensemble learning in reinforcement learning}},
  author={Lee, Kimin and Lee, Yoonho and Lee, Sungjin and Hwang, Seungjin and Abbeel, Pieter},
  booktitle=icml,
  year={2021},
  organization={PMLR}
}

@inproceedings{grill2020monte,
  title={{Monte-Carlo tree search as regularized policy optimization}},
  author={Grill, Jean-Bastien and Altch{\'e}, Florent and Tang, Yunhao and Hubert, Thomas and Valko, Michal and Antonoglou, Ioannis and Munos, R{\'e}mi},
  booktitle=icml,
  pages={3769--3778},
  year={2020},
  organization={PMLR}
}

@inproceedings{cazenave2022batch,
  title={{Batch Monte Carlo Tree Search}},
  author={Cazenave, Tristan},
  booktitle={International Conference on Computers and Games},
  pages={146--162},
  year={2022},
  organization={Springer}
}

@book{bertsekas2021rollout,
  title={{Rollout, Policy Iteration, and Distributed Reinforcement Learning}},
  author={Bertsekas, Dimitri},
  year={2021},
  publisher={Athena Scientific}
}

@article{ernst2005tree,
  title={{Tree-Based Batch Mode Reinforcement Learning}},
  author={Ernst, Damien and Geurts, Pierre and Wehenkel, Louis},
  journal=jmlr,
  volume={6},
  year={2005},
}

@inproceedings{steinkraus2005using,
  title={{Using GPUs for Machine Learning Algorithms}},
  author={Steinkraus, Dave and Buck, Ian and Simard, Patrice Y.},
  booktitle={International Conference on Document Analysis and Recognition (ICDAR)},
  pages={1115--1120},
  year={2005},
  organization={IEEE}
}

@inproceedings{rezende2014stochastic,
  title={{Stochastic Backpropagation and Approximate Inference in Deep Generative Models}},
  author={Rezende, Danilo Jimenez and Mohamed, Shakir and Wierstra, Daan},
  booktitle=icml,
  year={2014},
  organization={PMLR}
}

@inproceedings{goodfellow2014generative,
  title={{Generative Adversarial Nets}},
  author={Goodfellow, Ian J. and Pouget-Abadie, Jean and Mirza, Mehdi and Xu, Bing and Warde-Farley, David and Ozair, Sherjil and Courville, Aaron and Bengio, Yoshua},
  booktitle=neurips,
  volume={27},
  year={2014}
}

@article{mirza2014conditional,
  title={{Conditional Generative Adversarial Nets}},
  author={Mirza, Mehdi and Osindero, Simon},
  journal={arXiv preprint arXiv:1411.1784},
  year={2014}
}

@article{cao2023comprehensive,
  title={{A Comprehensive Survey of AI-Generated Content (AIGC): A History of Generative AI from GAN to ChatGPT}},
  author={Cao, Yihan and Li, Siyu and Liu, Yixin and Yan, Zhiling and Dai, Yutong and Yu, Philip S. and Sun, Lichao},
  journal={arXiv preprint arXiv:2303.04226},
  year={2023}
}

@inproceedings{ho2020denoising,
  title={{Denoising Diffusion Probabilistic Models}},
  author={Ho, Jonathan and Jain, Ajay and Abbeel, Pieter},
  booktitle=neurips,
  volume={33},
  pages={6840--6851},
  year={2020}
}

@inproceedings{song2021score,
  title={{Score-Based Generative Modeling through Stochastic Differential Equations}},
  author={Song, Yang and Sohl-Dickstein, Jascha and Kingma, Diederik P and Kumar, Abhishek and Ermon, Stefano and Poole, Ben},
  booktitle=iclr,
  year={2021}
}

@inproceedings{metz2016unrolled,
  title={{Unrolled Generative Adversarial Networks}},
  author={Metz, Luke and Poole, Ben and Pfau, David and Sohl-Dickstein, Jascha},
  booktitle=iclr,
  year={2017},
}

@article{nichol2021improved,
  title={{Improved Denoising Diffusion Probabilistic Models}},
  author={Nichol, Alexander Quinn and Dhariwal, Prafulla},
  journal=icml,
  year={2021},
  organization={PMLR}
}

@inproceedings{janner2022planning,
  title={{Planning with Diffusion for Flexible Behavior Synthesis}},
  author={Janner, Michael and Fu, Joshua and Levine, Sergey},
  booktitle=icml,
  year={2022},
}

@book{tarantola1987inverse,
  title={{Inverse Problem Theory and Methods for Model Parameter Estimation}},
  author={Tarantola, Albert},
  publisher={SIAM},
  year={1987},
}

@article{puzyrev2019deep,
  title={{Deep learning electromagnetic inversion with convolutional neural networks}},
  author={Puzyrev, Vladimir},
  journal={Geophysical Journal International},
  volume={218},
  number={2},
  pages={817--832},
  year={2019},
  publisher={Oxford University Press}
}

@article{hu2021inversion,
  title={{Inversion of magnetic data using deep neural networks}},
  author={Hu, Zhenlin and Liu, Shuang and Hu, Xiangyun and Fu, Lihua and Qu, Jie and Wang, Huaijiang and Chen, Qiuhua},
  journal={Physics of the Earth and Planetary Interiors},
  volume={311},
  number={106653},
  year={2021},
  publisher={Elsevier}
}

@book{menke1989geophysical,
  title={{Geophysical Data Analysis: Discrete Inverse Theory}},
  author={Menke, William},
  publisher={Academic Press},
  year={1989},
}

@article{tikhonov1963solution,
  title={{Solution of Incorrectly Formulated Problems and the Regularization Method}},
  author={Tikhonov, Andrey N.},
  journal={Soviet Mathematics Doklady},
  volume={4},
  pages={1035--1038},
  year={1963}
}

@article{constable1987occam,
  title={{Occamâs Inversion: A Practical Algorithm for Generating Smooth Models from Electromagnetic Sounding Data}},
  author={Constable, Steven C. and Parker, Robert L. and Constable, Catherine G.},
  journal={Geophysics},
  volume={52},
  number={3},
  pages={289--300},
  year={1987}
}

@book{parker1994geophysical,
  title={{Geophysical Inverse Theory}},
  author={Parker, Robert L.},
  publisher={Princeton University Press},
  year={1994},
}

@book{zhdanov2015geophysical,
  title={{Geophysical Inverse Theory and Regularization Problems}},
  author={Zhdanov, Michael S.},
  edition={2nd},
  publisher={Elsevier},
  year={2015},
}

@article{lechmann2021muon,
  title={{Muon tomography in geoscientific research -- A guide to best practice}},
  author={Lechmann, Alessandro and Mair, David and Ariga, Akitaka and Ariga, Tomoko and Ereditato, Antonio and Nishiyama, Ryuichi and Pistillo, Ciro and Scampoli, Paola and Schlunegger, Fritz and Vladymyrov, Mykhailo},
  journal={Earth-Science Reviews},
  volume={222},
  year={2021},
  publisher={Elsevier}
}

@article{tarantola2005inverse,
  title={{Inverse Problems in Geophysics}},
  author={Tarantola, Albert and Valette, Bernard},
  journal={Geophysics},
  volume={50},
  number={3},
  pages={493--503},
  year={1985}
}

@article{chung2024paired,
  author={Chung, Matthias and Hart, Emma and Chung, Julianne and Peters, Bas and Haber, Eldad},
  title={{Paired autoencoders for likelihood-free estimation in inverse problems}},
  journal={Machine Learning: Science and Technology},
  year={2024},
  volume={5},
  number={4},
}

@inproceedings{deng2022openfwi,
  title={{OpenFWI: Large-scale Multi-structural Benchmark Datasets for Full Waveform Inversion}},
  author={Deng, Chengyuan and Feng, Shihang and Wang, Hanchen and Zhang, Xitong and Jin, Peng and Feng, Yinan and Zeng, Qili and Chen, Yinpeng and Lin, Youzuo},
  booktitle=neurips,
  volume={35},
  pages={6007--6020},
  year={2022}
}

@article{huang2021deep,
  title={{Deep Learning 3D Sparse Inversion of Gravity Data}},
  author={Huang, Rui and Liu, Shuang and Qi, Rui and Zhang, Yujie},
  journal={Journal of Geophysical Research: Solid Earth},
  volume={126},
  number={11},
  year={2021},
}

@article{mcaliley2024stochastic,
  title={{Stochastic inversion of geophysical data by a conditional variational autoencoder}},
  author={McAliley, Wallace Anderson and Li, Yaoguo},
  journal={Geophysics},
  volume={89},
  number={1},
  pages={WA219--WA232},
  year={2024},
  publisher={Society of Exploration Geophysicists}
}

@article{laloy2017inversion,
  title={{Inversion using a new low-dimensional representation of complex binary geological media based on a deep neural network}},
  author={Laloy, Eric and H{\'e}rault, Romain and Lee, John and Jacques, Diederik and Linde, Niklas},
  journal={Advances in Water Resources},
  volume={110},
  pages={387--405},
  year={2017},
  publisher={Elsevier}
}

@article{reynolds1996reparameterization,
  title={{Reparameterization techniques for generating reservoir descriptions conditioned to variograms and well-test pressure data}},
  author={Reynolds, Albert C. and He, Nanqun and Chu, Lifu and Oliver, Dean S.},
  journal={SPE Journal},
  volume={1},
  number={04},
  pages={413--426},
  year={1996},
}

@article{esmaeili2020kernel,
  title={{Kernel-based two-dimensional principal component analysis applied for parameterization in history matching}},
  author={Esmaeili, Mohammad and Ahmadi, Mohammad and Kazemi, Alireza},
  journal={Journal of Petroleum Science and Engineering},
  volume={191},
  number={107134},
  year={2020},
  publisher={Elsevier}
}

@article{mosegaard1995monte,
  title={{Monte Carlo sampling of solutions to inverse problems}},
  author={Mosegaard, Klaus and Tarantola, Albert},
  journal={Journal of Geophysical Research: Solid Earth},
  volume={100},
  number={B7},
  pages={12431--12447},
  year={1995},
}

@article{metropolis1953equation,
  title={{Equation of State Calculations by Fast Computing Machines}},
  author={Metropolis, Nicholas and Rosenbluth, Arianna W. and Rosenbluth, Marshall N. and Teller, Augusta H. and Teller, Edward},
  journal={The Journal of Chemical Physics},
  volume={21},
  number={6},
  pages={1087--1092},
  year={1953},
  publisher={American Institute of Physics}
}

@article{hastings1970monte,
  title={{Monte Carlo sampling methods using Markov chains and their applications}},
  author={Hastings, W. Keith},
  journal={Biometrika},
  volume={57},
  issue={1},
  pages={97--109},
  year={1970},
}

@article{li2023comprehensive,
  title={{A comprehensive review of seismic inversion based on neural networks}},
  author={Li, Ming and Yan, Xue-song and Zhang, Ming-zhao},
  journal={Earth Science Informatics},
  volume={16},
  number={4},
  pages={2991--3021},
  year={2023},
  publisher={Springer}
}

@inproceedings{pinheiro2014recurrent,
  title={{Recurrent Convolutional Neural Networks for Scene Labeling}},
  author={Pinheiro, Pedro and Collobert, Ronan},
  booktitle=icml,
  pages={82--90},
  year={2014},
  organization={PMLR}
}

@inproceedings{sohn2014improved,
  title={{Improved Multimodal Deep Learning with Variation of Information}},
  author={Sohn, Kihyuk and Shang, Wenling and Lee, Honglak},
  booktitle=nips,
  volume={27},
  year={2014}
}

@article{sherstinsky2020fundamentals,
  title={{Fundamentals of Recurrent Neural Network (RNN) and Long Short-Term Memory (LSTM) Network}},
  author={Sherstinsky, Alex},
  journal={Physica D: Nonlinear Phenomena},
  volume={404},
  year={2020},
  publisher={Elsevier}
}

@article{griffith2017automated,
  title={{Automated Dynamic Resource Allocation for Wildfire Suppression}},
  author={Griffith, J. Daniel and Kochenderfer, Mykel J. and Moss, Robert J. and Mi{\v{s}}ic, Velibor V. and Gupta, Vishal and Bertsimas, Dimitris},
  journal={Lincoln Laboratory Journal},
  volume={22},
  number={2},
  pages={38--59},
  year={2017}
}

@book{pyne1996introduction,
  title={{Introduction to Wildland Fire}},
  author={Pyne, Stephen J. and Andrews, Patricia L. and Laven, Richard D.},
  year={1996},
  publisher={John Wiley \& Sons}
}

@inproceedings{gatys2016image,
  title={{Image Style Transfer Using Convolutional Neural Networks}},
  author={Gatys, Leon A. and Ecker, Alexander S. and Bethge, Matthias},
  booktitle=cvpr,
  pages={2414--2423},
  year={2016}
}

@inproceedings{johnson2016perceptual,
  title={{Perceptual Losses for Real-Time Style Transfer and Super-Resolution}},
  author={Johnson, Justin and Alahi, Alexandre and Fei-Fei, Li},
  booktitle=eccv,
  pages={694--711},
  year={2016},
  organization={Springer}
}

@article{ruter2024investigating,
  title={{Investigating the Sim-to-Real Generalizability of Deep Learning Object Detection Models}},
  author={R{\"u}ter, Joachim and Durak, Umut and Dauer, Johann C.},
  journal={Journal of Imaging},
  volume={10},
  number={10},
  number={259},
  year={2024},
  publisher={MDPI}
}

@inproceedings{katz2017reluplex,
  title={{Reluplex: An Efficient SMT Solver for Verifying Deep Neural Networks}},
  author={Katz, Guy and Barrett, Clark and Dill, David L. and Julian, Kyle and Kochenderfer, Mykel J.},
  booktitle={Computer Aided Verification},
  pages={97--117},
  year={2017},
  organization={Springer}
}

@inproceedings{donze2010robust,
  title={{Robust Satisfaction of Temporal Logic Over Real-Valued Signals}},
  author={Donz{\'e}, Alexandre and Maler, Oded},
  booktitle={International Conference on Formal Modeling and Analysis of Timed Systems},
  pages={92--106},
  year={2010},
  organization={Springer}
}

@inproceedings{donze2010breach,
  title={{Breach, A Toolbox for Verification and Parameter Synthesis of Hybrid Systems}},
  author={Donz{\'e}, Alexandre},
  booktitle={Computer Aided Verification},
  pages={167--170},
  year={2010},
  organization={Springer}
}

@article{lee2020adaptive,
  title={{Adaptive Stress Testing: Finding Likely Failure Events with Reinforcement Learning}},
  author={Lee, Ritchie and Mengshoel, Ole J. and Saksena, Anshu and Gardner, Ryan W. and Genin, Daniel and Silbermann, Joshua and Owen, Michael and Kochenderfer, Mykel J.},
  journal=jair,
  volume={69},
  pages={1165--1201},
  year={2020}
}

@article{gooley1999estimation,
  title={{Estimation of Failure Probabilities in the Presence of Competing Risks: New Representations of Old Estimators}},
  author={Gooley, Ted A. and Leisenring, Wendy and Crowley, John and Storer, Barry E.},
  journal={Statistics in Medicine},
  volume={18},
  number={6},
  pages={695--706},
  year={1999},
}

@article{morishima2017discovery,
  title={{Discovery of a big void in Khufuâs Pyramid by observation of cosmic-ray muons}},
  author={Morishima, Kunihiro and Kuno, Mitsuaki and Nishio, Akira and Kitagawa, Nobuko and Manabe, Yuta and Moto, Masaki and Takasaki, Fumihiko and Fujii, Hirofumi and Satoh, Kotaro and Kodama, Hideyo and Hayashi, Kohei and Odaka, Shigeru and Procureur, S{\'e}bastien and Atti{\'e}, David and Bouteille, Simon and Calvet, Denis and Filosa, Christopher and Magnier, Patrick and Mandjavidze, Irakli and Riallot, Marc and Marini, Benoit and Gable, Pierre and Date, Yoshikatsu and Sugiura, Makiko and Elshayeb, Yasser and Elnady, Tamer and Ezzy, Mustapha and Guerriero, Emmanuel and Steiger, Vincent and Serikoff, Nicolas and Mouret, Jean-Baptiste and Charl{\`e}s, Bernard and Helal, Hany and Tayoubi, Mehdi},
  journal={Nature},
  volume={552},
  number={7685},
  pages={386--390},
  year={2017},
}

@inproceedings{babaeizadeh2018stochastic,
  title={{Stochastic Variational Video Prediction}},
  author={Babaeizadeh, Mohammad and Finn, Chelsea and Erhan, Dumitru and Campbell, Roy H. and Levine, Sergey},
  booktitle=iclr,
  year={2018}
}

@inproceedings{walker2016uncertain,
  title={{An Uncertain Future: Forecasting from Static Images Using Variational Autoencoders}},
  author={Walker, Jacob and Doersch, Carl and Gupta, Abhinav and Hebert, Martial},
  booktitle=eccv,
  pages={835--851},
  year={2016},
  organization={Springer}
}

@article{oord2018representation,
  title={{Representation Learning with Contrastive Predictive Coding}},
  author={van den Oord, Aaron and Li, Yazhe and Vinyals, Oriol},
  journal={arXiv preprint arXiv:1807.03748},
  year={2018}
}

@inproceedings{ivanov2019variational,
  title={{Variational Autoencoder with Arbitrary Conditioning}},
  author={Ivanov, Oleg and Figurnov, Michael and Vetrov, Dmitry},
  booktitle=iclr,
  year={2019}
}

@article{lecun1998gradient,
  title={{Gradient-based learning applied to document recognition}},
  author={LeCun, Yann and Bottou, L{\'e}on and Bengio, Yoshua and Haffner, Patrick},
  journal={Proceedings of the IEEE},
  volume={86},
  number={11},
  pages={2278--2324},
  year={1998},
  publisher={IEEE}
}

@inproceedings{dilokthanakul2016deep,
  title={{Deep Unsupervised Clustering with Gaussian Mixture Variational Autoencoders}},
  author={Dilokthanakul, Nat and Mediano, Pedro A. M. and Garnelo, Marta and Lee, Matthew C. H. and Salimbeni, Hugh and Arulkumaran, Kai and Shanahan, Murray},
  booktitle=iclr,
  year={2016}
}

@inproceedings{tomczak2018vae,
  title={{VAE with a VampPrior}},
  author={Tomczak, J. M. and Welling, M.},
  booktitle=aistats,
  volume={84},
  year={2018},
  organization={PMLR}
}

@inproceedings{jang2017categorical,
  title={{Categorical Reparametrization with Gumble-Softmax}},
  author={Jang, Eric and Gu, Shixiang and Poole, Ben},
  booktitle=iclr,
  year={2017},
}

@inproceedings{kingma2016improved,
  title={{Improved Variational Inference with Inverse Autoregressive Flow}},
  author={Kingma, Durk P. and Salimans, Tim and Jozefowicz, Rafal and Chen, Xi and Sutskever, Ilya and Welling, Max},
  booktitle=neurips,
  volume={29},
  year={2016}
}

@inproceedings{rezende2015variational,
  title={{Variational Inference with Normalizing Flows}},
  author={Rezende, Danilo and Mohamed, Shakir},
  booktitle=icml,
  pages={1530--1538},
  year={2015},
  organization={PMLR}
}

@inproceedings{kingma2021variational,
  title={{Variational Diffusion Models}},
  author={Kingma, Diederik and Salimans, Tim and Poole, Ben and Ho, Jonathan},
  booktitle=neurips,
  volume={34},
  pages={21696--21707},
  year={2021}
}

@inproceedings{halawa2022action,
  title={{Action-based Contrastive Learning for Trajectory Prediction}},
  author={Halawa, Marah and Hellwich, Olaf and Bideau, Pia},
  booktitle=eccv,
  pages={143--159},
  year={2022},
  organization={Springer}
}

@inproceedings{zheng2023taco,
  title={{TACO: Temporal Latent Action-Driven Contrastive Loss for Visual Reinforcement Learning}},
  author={Zheng, Ruijie and Wang, Xiyao and Sun, Yanchao and Ma, Shuang and Zhao, Jieyu and Xu, Huazhe and Daum{\'e} III, Hal and Huang, Furong},
  booktitle=neurips,
  volume={36},
  pages={48203--48225},
  year={2023}
}

@article{imambi2021pytorch,
  title={{PyTorch}},
  author={Imambi, Sagar and Prakash, Kolla Bhanu and Kanagachidambaresan, G. R.},
  journal={Programming with TensorFlow},
  pages={87--104},
  year={2021},
  publisher={Springer}
}

@article{schultz2007statistical,
  title={{Statistical Reconstruction for Cosmic Ray Muon Tomography}},
  author={Schultz, Larry J. and Blanpied, Gary S. and Borozdin, Konstantin N. and Fraser, Andrew M. and Hengartner, Nicolas W. and Klimenko, Alexei V. and Morris, Christopher L. and Orum, Chris and Sossong, Michael J.},
  journal={IEEE Transactions on Image Processing},
  volume={16},
  number={8},
  pages={1985--1993},
  year={2007},
  publisher={IEEE}
}

@book{kaipio2006statistical,
  title={{Statistical and Computational Inverse Problems}},
  author={Kaipio, Jari and Somersalo, Erkki},
  volume={160},
  year={2006},
  publisher={Springer Science \& Business Media}
}

@book{haldar2018mineral,
  title={{Mineral Exploration: Principles and Applications}},
  author={Haldar, Swapan Kumar},
  year={2018},
  publisher={Elsevier}
}

@inproceedings{ronneberger2015unet,
  title={{U-Net: Convolutional Networks for Biomedical Image Segmentation}},
  author={Ronneberger, Olaf and Fischer, Philipp and Brox, Thomas},
  booktitle={Medical Image Computing and Computer-Assisted Intervention (MICCAI)},
  pages={234--241},
  year={2015},
  organization={Springer}
}

@article{caers2022efficacy,
  title={{Efficacy of Information in Mineral Exploration Drilling}},
  author={Caers, Jef and Scheidt, Celine and Yin, Zhen and Wang, Lijing and Mukerji, Tapan and House, Kurt},
  journal={Natural Resources Research},
  volume={31},
  number={3},
  pages={1157--1173},
  year={2022},
  publisher={Springer}
}

@article{auer2002finite,
  title={{Finite-time Analysis of the Multiarmed Bandit Problem}},
  author={Auer, Peter and Cesa-Bianchi, Nicolo and Fischer, Paul},
  journal={Machine Learning},
  volume={47},
  pages={235--256},
  year={2002},
  publisher={Springer}
}

@inproceedings{kaufmann2012bayesian,
  title={{On Bayesian Upper Confidence Bounds for Bandit Problems}},
  author={Kaufmann, Emilie and Capp{\'e}, Olivier and Garivier, Aur{\'e}lien},
  booktitle=aistats,
  pages={592--600},
  year={2012},
  organization={PMLR}
}

@article{platzer2013visualization,
  title = {{Visualization of SNPs with t-SNE}},
  author = {Platzer, Alexander},
  journal = {PLOS One},
  publisher = {Public Library of Science},
  year = {2013},
  volume = {8},
  pages = {1--6},
  number = {2},
}

@inproceedings{covington2016deep,
  title={{Deep Neural Networks for Youtube Recommendations}},
  author={Covington, Paul and Adams, Jay and Sargin, Emre},
  booktitle={ACM Conference on Recommender Systems},
  pages={191--198},
  year={2016}
}

@inproceedings{wulczyn2017ex,
  title={{Ex Machina: Personal Attacks Seen at Scale}},
  author={Wulczyn, Ellery and Thain, Nithum and Dixon, Lucas},
  booktitle={International Conference on World Wide Web},
  pages={1391--1399},
  year={2017}
}

@phdthesis{balaban2020health,
  title={{Health-Aware Decision Making Under Uncertainty for Complex Systems}},
  author={Balaban, Edward},
  year={2020},
  school={Stanford University}
}

@article{oster2013analyzing,
  title={{Analyzing aviation safety: Problems, challenges, opportunities}},
  author={Oster Jr., Clinton V. and Strong, John S. and Zorn, C. Kurt},
  journal={Research in Transportation Economics},
  volume={43},
  number={1},
  pages={148--164},
  year={2013},
  publisher={Elsevier}
}

@misc{do185b,
  title={{Minimum Operational Performance Standards for Traffic Alert and Collision Avoidance System II (TCAS II) Airborne Equipment}},
  author={RTCA},
  howpublished={DO-185B},
  year={2008}
}

@misc{tcas2011introduction,
  title={{Introduction to TCAS II}},
  author={Federal Aviation Administration},
  howpublished={Version 7.1},
  year={2011}
}

@misc{do358a,
  title={{Minimum Operational Performance Standards for Airborne Collision Avoidance System X (ACAS X) (ACAS Xa and ACAS Xo) Volume I and II}},
  author={RTCA},
  howpublished={DO-385A},
  year={2023}
}

@inproceedings{gautam2014survey,
  title={{A Survey of Autonomous Landing Techniques for UAVs}},
  author={Gautam, Alvika and Sujit, P. B. and Saripalli, Srikanth},
  booktitle={International Conference on Unmanned Aircraft Systems (ICUAS)},
  pages={1210--1218},
  year={2014},
  organization={IEEE}
}

@misc{airbus2019wayfinder,
  title = {{How Wayfinder is Using Neural Networks for Vision-Based Autonomous Landing}},
  author = {{Airbus A$^3$}},
  howpublished = {\url{https://acubed.airbus.com/blog/wayfinder/how-wayfinder-is-using-neural-networks-for-vision-based-autonomous-landing/}},
  year = {2019}
}

@article{boychuk2009stochastic,
  title={{A stochastic forest fire growth model}},
  author={Boychuk, Den and Braun, W. John and Kulperger, Reg J. and Krougly, Zinovi L. and Stanford, David A.},
  journal={Environmental and Ecological Statistics},
  volume={16},
  pages={133--151},
  year={2009},
  publisher={Springer}
}

@article{guiochet2017safety,
  title={{Safety-critical advanced robots: A survey}},
  author={Guiochet, J{\'e}r{\'e}mie and Machin, Mathilde and Waeselynck, H{\'e}l{\`e}ne},
  journal={Robotics and Autonomous Systems},
  volume={94},
  pages={43--52},
  year={2017},
  publisher={Elsevier}
}

@techreport{aikin2019enhanced,
  title={{Enhanced Precision in Geothermal Reservoir Characterization and Exploitation}},
  author={Aikin, Kay E. and Johnson, Caryl Erin},
  year={2019},
  institution={US Department of Energy Office of Science}
}

@article{boothandford2014carbon,
  title ={{Carbon capture and storage update}},
  author={Boot-Handford, Matthew E. and Abanades, Juan C. and Anthony, Edward J. and Blunt, Martin J. and Brandani, Stefano and Mac Dowell, Niall and Fern{\'a}ndez, Jos{\'e} R. and Ferrari, Maria-Chiara and Gross, Robert and Hallett, Jason P. and Haszeldine, R. Stuart and Heptonstall, Philip and Lyngfelt, Anders and Makuch, Zen and Mangano, Enzo and Porter, Richard T. J. and Pourkashanian, Mohamed and Rochelle, Gary T. and Shah, Nilay and Yao, Joseph G. and Fennell, Paul S.},
  journal={Energy and Environmental Science},
  year={2014},
  volume={7},
  issue={1},
  pages={130--189},
  publisher={The Royal Society of Chemistry},
}

@article{sovacool2020sustainable,
  title={{Sustainable minerals and metals for a low-carbon future}},
  author={Sovacool, Benjamin K. and Ali, Saleem H and Bazilian, Morgan and Radley, Ben and Nemery, Benoit and Okatz, Julia and Mulvaney, Dustin},
  journal={Science},
  volume={367},
  number={6473},
  pages={30--33},
  year={2020},
}

@article{gibowicz2009seismicity,
  title={{Seismicity Induced by Mining: Recent Research}},
  author={Gibowicz, Slawomir J.},
  journal={Advances in Geophysics},
  volume={51},
  pages={1--53},
  year={2009},
  publisher={Elsevier}
}

@article{lee2018co2,
  title={{CO$_2$ leakage environmental damage cost -- A CCS project in South Korea}},
  author={Lee, Joo Suk and Choi, Eun Chul},
  journal={Renewable and Sustainable Energy Reviews},
  volume={93},
  pages={753--758},
  year={2018},
  publisher={Elsevier}
}

@inproceedings{moss2023bayesian,
  title={{Bayesian Safety Validation for Black-Box Systems}},
  author={Moss, Robert J. and Kochenderfer, Mykel J. and Gariel, Maxime and Dubois, Arthur},
  booktitle={{AIAA AVIATION Forum}},
  year={2023},
}

@article{moss2024bayesian,
  title={{Bayesian Safety Validation for Failure Probability Estimation of Black-Box Systems}},
  author={Moss, Robert J. and Kochenderfer, Mykel J. and Gariel, Maxime and Dubois, Arthur},
  journal={{AIAA Journal of Aerospace Information Systems (JAIS)}},
  year={2024},
  volume={21},
  number={7},
  pages={533--546},
}

@article{althoff2021set,
  title={{Set Propagation Techniques for Reachability Analysis}},
  author={Althoff, Matthias and Frehse, Goran and Girard, Antoine},
  journal={Annual Review of Control, Robotics, and Autonomous Systems},
  volume={4},
  number={1},
  pages={369--395},
  year={2021},
  publisher={Annual Reviews}
}

@book{valbook,
  title     = {{Algorithms for Validation}},
  author    = {Mykel J. Kochenderfer and Sydney M. Katz and Anthony L. Corso and Robert J. Moss},
  year      = {2025},
  publisher = {MIT Press},
}

@article{makino2003taylor,
  title={{Taylor Models and Other Validated Functional Inclusion Methods}},
  author={Makino, Kyoko and Berz, Martin},
  journal={International Journal of Pure and Applied Mathematics},
  volume={6},
  pages={239--316},
  year={2003},
  publisher={Citeseer}
}

@article{everett2021reachability,
  title={{Reachability Analysis of Neural Feedback Loops}},
  author={Everett, Michael and Habibi, Golnaz and Sun, Chuangchuang and How, Jonathan P.},
  journal={IEEE Access},
  volume={9},
  pages={163938--163953},
  year={2021},
  publisher={IEEE}
}

@article{bougie2023interpretable,
  title={{Interpretable Imitation Learning with Symbolic Rewards}},
  author={Bougie, Nicolas and Onishi, Takashi and Tsuruoka, Yoshimasa},
  journal={ACM Transactions on Intelligent Systems and Technology},
  volume={15},
  number={1},
  pages={1--34},
  year={2023},
}

@article{de2013decision,
  title={{Decision trees}},
  author={De Ville, Barry},
  journal = {WIREs Computational Statistics},
  volume={5},
  number={6},
  pages={448--455},
  year={2013},
}

@article{ono2015chance,
  title={{Chance-constrained dynamic programming with application to risk-aware robotic space exploration}},
  author={Ono, Masahiro and Pavone, Marco and Kuwata, Yoshiaki and Balaram, J.},
  journal={Autonomous Robots},
  volume={39},
  pages={555--571},
  year={2015},
  publisher={Springer}
}

@inproceedings{jeannin2015formal,
  title={{Formal verification of ACAS X, an industrial airborne collision avoidance system}},
  author={Jeannin, Jean-Baptiste and Ghorbal, Khalil and Kouskoulas, Yanni and Gardner, Ryan and Schmidt, Aurora and Zawadzki, Erik and Platzer, Andr{\'e}},
  booktitle={International Conference on Embedded Software (EMSOFT)},
  pages={127--136},
  year={2015},
  organization={IEEE}
}

@article{wen2021ccsnet,
  title={{CCSNet: A deep learning modeling suite for CO$_2$ storage}},
  author={Wen, Gege and Hay, Catherine and Benson, Sally M.},
  journal={Advances in Water Resources},
  volume={155},
  number={104009},
  year={2021},
  publisher={Elsevier}
}

@article{ha2018world,
  title={{World Models}},
  author={Ha, David and Schmidhuber, J{\"u}rgen},
  journal={arXiv preprint arXiv:1803.10122},
  year={2018}
}

@book{gregory2021introduction,
  title={{Introduction to Flight Testing}},
  author={Gregory, James W. and Liu, Tianshu},
  year={2021},
  publisher={John Wiley \& Sons}
}

@article{konig2024critically,
  title   = {{Critically Assessing the State of the Art in Neural Network Verification}},
  author  = {Matthias K{{\"o}}nig and Annelot W. Bosman and Holger H. Hoos and Jan N. van Rijn},
  journal = jmlr,
  year    = {2024},
  volume  = {25},
  number  = {12},
  pages   = {1--53},
}

@misc{alphago2017movie,
  title={{AlphaGo}},
  author={Greg Kohs and Gary Krieg and Josh Rosen and Kevin Proudfoot},
  year={2017},
  howpublished={Google DeepMind},
}

@inproceedings{sankar2020evacuate,
  title={{Evacuate or Not? A POMDP Model of the Decision Making of Individuals in Hurricane Evacuation Zones}},
  author={Sankar, Adithya Raam and Doshi, Prashant and Goodie, Adam},
  booktitle=uai,
  pages={669--678},
  year={2020},
  organization={PMLR}
}

@article{zhang2022diagnostic,
  title = {{Diagnostic Policies Optimization for Chronic Diseases Based on POMDP Model}},
  author = {Zhang, Wenqian and Wang, Haiyan},
  journal = {Healthcare},
  volume = {10},
  year = {2022},
  number = {2},
  article-number = {283},
}

@article{cho2017robust,
  title={{A Robust Time Series Prediction Model Using POMDP and Data Analysis}},
  author={Cho, Suho and Cho, Seungho and Yow, Kin Choong},
  journal={Journal of Advances in Information Technology (JAIT)},
  year={2017}
}
